@ONLINE{Vincent Driessen:2010:Online,
author = {GitFlow},
title = {A successful Git branching model},
month = jan,
year = {2010},
url = {http://nvie.com/posts/a-successful-git-branching-model/}
}

@ONLINE{JSDocGenerator,
author = {Das Modak, Kaustav},
title = {Choosing a JavaScript documentation generator},
month = dec,
year = {2013},
url = {http://blog.fusioncharts.com/2013/12/jsdoc-vs-yuidoc-vs-doxx-vs-docco-choosing-a-javascript-documentation-generator/}
}